<?xml version="1.0" encoding="UTF-8"?><collection xmlns="http://www.loc.gov/MARC21/slim"><record><leader>00532nam--2200181-u-4500</leader><controlfield tag="001">000056346</controlfield><controlfield tag="002">20161230</controlfield><controlfield tag="005">20161230201052</controlfield><controlfield tag="008">150716s1000------------r-----000-0-eng-d</controlfield><datafield ind1=" " ind2=" " tag="040"><subfield code="a">IFIN-HH</subfield></datafield><datafield ind1=" " ind2=" " tag="080"><subfield code="a">537:538</subfield></datafield><datafield ind1="1" ind2=" " tag="100"><subfield code="a">Ampere, Andre-marie</subfield></datafield><datafield ind1="1" ind2="0" tag="245"><subfield code="a">Memoires sur l' electromagnetisme et l' electrodynamique</subfield><subfield code="c">Andre-marie ampere</subfield></datafield><datafield ind1=" " ind2=" " tag="260"><subfield code="a">Paris</subfield><subfield code="b">Gauthier-villars Et Cie, Editeurs</subfield><subfield code="c">1921</subfield></datafield><datafield ind1=" " ind2=" " tag="300"><subfield code="a">110P</subfield></datafield><datafield ind1=" " ind2=" " tag="490"><subfield code="a">Les Maitres De La Pensee Scientifique</subfield></datafield><datafield ind1=" " ind2=" " tag="852"><subfield code="a">1885</subfield><subfield code="c">537:538</subfield></datafield><datafield ind1=" " ind2=" " tag="CAT"><subfield code="a">Sys</subfield><subfield code="c">20150716</subfield><subfield code="h">121036</subfield></datafield></record></collection>